@book{Bro11,
  author    = {{Brownlee}, Jason},
  title     = "{Clever Algorithms: Nature-Inspired Programming Recipes}",
  publisher = {LuLu},
  year      = 2011,
  month     = jan,
  note      = {\url{http://www.cleveralgorithms.com}}
}

@article{BHS99,
  author    = {Bullnheimer, Bernd and Hartl, Richard and Strauss, Christine},
  year      = {1999},
  month     = {01},
  pages     = {25-38},
  title     = {A New Rank Based Version of the Ant System - A Computational Study},
  volume    = {7},
  journal   = {Central European Journal of Operations Research}
}

@misc{YB,
  title     = "{Yves Beutler Random Quote}",
  note      = {\url{https://yvesbeutler.github.io} (Zugriff am 22.09.2019)}
}