@book{Grus15,
  author = {Grus, Joel},
  isbn = {978-1-4919-0142-7},
  publisher = {O'Reilly},
  title = {Data Science from Scratch: First Principles with Python},
  url = {http://my.safaribooksonline.com/97814919-01427},
  year = 2015
}

@book{Jurafsky2000,
  author = {Jurafsky, Daniel and Martin, James H.},
  isbn = {0130950696},
  publisher = {Prentice Hall},
  title = {Speech and Language Processing: An Introduction to Natural Language Processing, Computational Linguistics and Speech Recognition (Prentice Hall Series in Artificial Intelligence)},
  year = 2000
}

@article{bio95,
  author    = {Lance A. Ramshaw and
               Mitchell P. Marcus},
  title     = {Text Chunking using Transformation-Based Learning},
  journal   = {CoRR},
  volume    = {cmp-lg/9505040},
  year      = {1995},
  url       = {http://arxiv.org/abs/cmp-lg/9505040}
}

@misc{duden,
  author={Duden},
  title={{Durchschnittliche Länge eines deutschen Wortes}},
  howpublished="\href{https://www.duden.de/sprachwissen/sprachratgeber/Durchschnittliche-Lange-eines-deutschen-Wortes}{https://www.duden.de/sprachwissen/sprachratgeber/Durchschnittliche-Lange-eines-deutschen-Wortes}",
  note="[Online; accessed 28.10.2019]"
}

@misc{koehrsen,
  author={Koehrsen, Will},
  title={{Towards Data Science - Beyond Accuracy: Precision and Recall}},
  year={2018},
  howpublished="\href{https://towardsdatascience.com/beyond-accuracy-precision-and-recall-3da06bea9f6c}{https://towardsdatascience.com/beyond-accuracy-precision-and-recall-3da06bea9f6c}",
  note = "[Online; accessed 29.10.2019]"
}

@misc{gupta,
  author={Gupta, Shashank},
  title={{Towards Data Science - Named Entity Recognition: Applications and Use Cases}},
  year={2018},
  howpublished="\href{https://towardsdatascience.com/named-entity-recognition-applications-and-use-cases-acdbf57d595e}{https://towardsdatascience.com/named-entity-recognition-applications-and-use-cases-acdbf57d595e}",
  note = "[Online; accessed 29.10.2019]"
}

@misc{Vogel19,
  author={{Vogel}, Jürgen},
  title={{CAS Practical Machine Learning: Named Entity Recognition}},
  year={2019},
  note="[directly given by supervisor]"
}